<record><leader>00000cas a22000007a 4500</leader><controlfield tag="001">12094039</controlfield><controlfield tag="008">850530d19361936njudn ne      0    0eng d</controlfield><datafield ind1=" " ind2=" " tag="010"><subfield code="a">sn 85035762 </subfield></datafield><datafield ind1=" " ind2=" " tag="040"><subfield code="a">NPA</subfield><subfield code="b">eng</subfield><subfield code="c">NPA</subfield><subfield code="d">NJW</subfield><subfield code="d">OCLCQ</subfield></datafield><datafield ind1=" " ind2=" " tag="042"><subfield code="a">msc</subfield></datafield><datafield ind1="0" ind2="0" tag="245"><subfield code="a">Northwest Jersey daily star.</subfield></datafield><datafield ind1="3" ind2="0" tag="246"><subfield code="a">Daily star</subfield></datafield><datafield ind1=" " ind2=" " tag="260"><subfield code="a">Washington [N.J.] :</subfield><subfield code="b">Star Pub. Co.,</subfield><subfield code="c">1936.</subfield></datafield><datafield ind1=" " ind2=" " tag="300"><subfield code="a">v. :</subfield><subfield code="b">ill.</subfield></datafield><datafield ind1=" " ind2=" " tag="310"><subfield code="a">Daily (except Sun.)</subfield></datafield><datafield ind1="0" ind2=" " tag="362"><subfield code="a">69th yr., no. 47 (Nov. 18, 1936)-69th yr., no. 66 (Dec. 11, 1936).</subfield></datafield><datafield ind1=" " ind2=" " tag="515"><subfield code="a">Continues the numbering of: Washington star (Washington, N.J. : 1868).</subfield></datafield><datafield ind1=" " ind2=" " tag="530"><subfield code="a">Also issued on microfilm by Norton Micro Images.</subfield></datafield><datafield ind1=" " ind2=" " tag="580"><subfield code="a">Formed by the union of: Washington star (Washington, N.J. : 1868); Phillipsburger and the Phillipsburg star (1934); and: Hackettstown star.</subfield></datafield><datafield ind1=" " ind2=" " tag="752"><subfield code="a">United States</subfield><subfield code="b">New Jersey</subfield><subfield code="c">Warren</subfield><subfield code="d">Washington.</subfield></datafield><datafield ind1=" " ind2=" " tag="752"><subfield code="a">United States</subfield><subfield code="b">New Jersey</subfield><subfield code="c">Warren</subfield><subfield code="d">Phillipsburg.</subfield></datafield><datafield ind1=" " ind2=" " tag="752"><subfield code="a">United States</subfield><subfield code="b">New Jersey</subfield><subfield code="c">Warren</subfield><subfield code="d">Hackettstown.</subfield></datafield><datafield ind1="1" ind2="4" tag="780"><subfield code="t">Washington star (Washington, N.J. : 1868)</subfield><subfield code="w">(DLC)sn 84026277</subfield><subfield code="w">(OCoLC)10370748</subfield></datafield><datafield ind1="1" ind2="4" tag="780"><subfield code="t">Phillipsburger and the Phillipsburg star (1934)</subfield><subfield code="w">(DLC)sn 85035761</subfield><subfield code="w">(OCoLC)12094014</subfield></datafield><datafield ind1="1" ind2="4" tag="780"><subfield code="t">Hackettstown star</subfield></datafield><datafield ind1="0" ind2="0" tag="785"><subfield code="t">Phillipsburg-Northwest Jersey daily star</subfield><subfield code="w">(DLC)sn 85035763</subfield><subfield code="w">(OCoLC)12094047</subfield></datafield></record>